<?xml version="1.0" encoding="UTF-8"?><collection xmlns="http://www.loc.gov/MARC21/slim"><record><leader>00750nam--2200181-i-4500</leader><controlfield tag="001">000048892</controlfield><controlfield tag="002">20161230</controlfield><controlfield tag="005">20170109001703</controlfield><controlfield tag="008">060222s1000------------r-----000-0-eng-d</controlfield><datafield ind1=" " ind2=" " tag="040"><subfield code="a">IFIN-HH</subfield></datafield><datafield ind1=" " ind2=" " tag="080"><subfield code="a">061.3:614.876:551.46:539.16</subfield></datafield><datafield ind1="1" ind2=" " tag="110"><subfield code="a">International Atomic Energy Agency</subfield></datafield><datafield ind1="1" ind2="0" tag="245"><subfield code="a">Radioactive contamination of the marine environment</subfield><subfield code="b">Proceedings of a Symposium on the interaction of radioactive contaminants with the contituents of the marine environment held by the International Atomic Energy Ageency in Seattle, United States of America, 10-14 July 1972</subfield></datafield><datafield ind1=" " ind2=" " tag="260"><subfield code="a">Vienna</subfield><subfield code="b">International Atomic Energy Agency</subfield><subfield code="c">1973</subfield></datafield><datafield ind1=" " ind2=" " tag="300"><subfield code="a">786 p</subfield></datafield><datafield ind1=" " ind2=" " tag="490"><subfield code="a">Proccedings Series</subfield></datafield><datafield ind1=" " ind2=" " tag="852"><subfield code="a">38349</subfield><subfield code="c">539.16</subfield></datafield><datafield ind1=" " ind2=" " tag="CAT"><subfield code="a">SYS</subfield><subfield code="c">20170109</subfield><subfield code="h">001703</subfield></datafield></record></collection>